%% This BibTeX bibliography file was created using BibDesk.
%% http://bibdesk.sourceforge.net/

%% Created for Pietro Fecchio at 2018-08-22 12:40:23 +0200 


%% Saved with string encoding Unicode (UTF-8) 



@article{zweig2,
	Author = {George Zweig},
	Journal = {Developments In The Quark Theory Of Hadrons},
	Title = {An SU(3) model for strong interaction symmetry and its breaking II},
	Volume = {1},
	Year = {1964}
}

@article{zweig1,
	Author = {George Zweig},
	Journal = {Developments In The Quark Theory Of Hadrons},
	Title = {An SU(3) model for strong interaction symmetry and its breaking},
	Volume = {1},
	Year = {1964}
}

@article{gellmann,
	Author = {Murray Gell-Mann},
	Journal = {Physics Letters},
	Keywords = {quarkmodel},
	Number = {3},
	Pages = {214--215},
	Title = {A schematic model of baryons and mesons},
	Volume = {8},
	Year = {1964}
}

@article{fritzsch-gellmann,
	Author = {Harald Fritzsch and Murray Gell-Mann},
	Journal = {Proceedings of the XVI International Conference on High Energy Physics},
	Keywords = {quarkmodel},
	Number = {3},
	Pages = {135},
	Title = {Current Algebra: Quarks and What Else?},
	Volume = {2},
	Year = {1972}
}

@article{fr-gm-hl-gluons,
	Author = {Harald Fritzsch and Murray Gell-Mann ans Heinrich Leutwyler},
	Journal = {Physics Letters B},
	Keywords = {gluons},
	Number = {4},
	Pages = {365--368},
	Title = {Advantages of the color octet gluon picture},
	Volume = {47},
	Year = {1973}
}

@article{copuling,
	Author = {Siegfried Bethke},
	Journal = {The European Physical Journal C},
	Keywords = {strong copuling},
	Number = {4},
	Pages = {689--703},
	Title = {The 2009 world average of $\alpha_{s}$},
	Volume = {64},
	Year = {2009}
}

@article{pdg,
  title = {Review of Particle Physics},
  author = {Tanabashi, M. and Hagiwara, K. and Hikasa, K. and Nakamura, K. and Sumino, Y. and Takahashi, F. and Tanaka, J. and Agashe, K. and Aielli, G. and Amsler, C. and Antonelli, M. and Asner, D. M. and Baer, H. and Banerjee, Sw. and Barnett, R. M. and Basaglia, T. and Bauer, C. W. and Beatty, J. J. and Belousov, V. I. and Beringer, J. and Bethke, S. and Bettini, A. and Bichsel, H. and Biebel, O. and Black, K. M. and Blucher, E. and Buchmuller, O. and Burkert, V. and Bychkov, M. A. and Cahn, R. N. and Carena, M. and Ceccucci, A. and Cerri, A. and Chakraborty, D. and Chen, M.-C. and Chivukula, R. S. and Cowan, G. and Dahl, O. and D'Ambrosio, G. and Damour, T. and de Florian, D. and de Gouv\^ea, A. and DeGrand, T. and de Jong, P. and Dissertori, G. and Dobrescu, B. A. and D'Onofrio, M. and Doser, M. and Drees, M. and Dreiner, H. K. and Dwyer, D. A. and Eerola, P. and Eidelman, S. and Ellis, J. and Erler, J. and Ezhela, V. V. and Fetscher, W. and Fields, B. D. and Firestone, R. and Foster, B. and Freitas, A. and Gallagher, H. and Garren, L. and Gerber, H.-J. and Gerbier, G. and Gershon, T. and Gershtein, Y. and Gherghetta, T. and Godizov, A. A. and Goodman, M. and Grab, C. and Gritsan, A. V. and Grojean, C. and Groom, D. E. and Gr\"unewald, M. and Gurtu, A. and Gutsche, T. and Haber, H. E. and Hanhart, C. and Hashimoto, S. and Hayato, Y. and Hayes, K. G. and Hebecker, A. and Heinemeyer, S. and Heltsley, B. and Hern\'andez-Rey, J. J. and Hisano, J. and H\"ocker, A. and Holder, J. and Holtkamp, A. and Hyodo, T. and Irwin, K. D. and Johnson, K. F. and Kado, M. and Karliner, M. and Katz, U. F. and Klein, S. R. and Klempt, E. and Kowalewski, R. V. and Krauss, F. and Kreps, M. and Krusche, B. and Kuyanov, Yu. V. and Kwon, Y. and Lahav, O. and Laiho, J. and Lesgourgues, J. and Liddle, A. and Ligeti, Z. and Lin, C.-J. and Lippmann, C. and Liss, T. M. and Littenberg, L. and Lugovsky, K. S. and Lugovsky, S. B. and Lusiani, A. and Makida, Y. and Maltoni, F. and Mannel, T. and Manohar, A. V. and Marciano, W. J. and Martin, A. D. and Masoni, A. and Matthews, J. and Mei\ss{}ner, U.-G. and Milstead, D. and Mitchell, R. E. and M\"onig, K. and Molaro, P. and Moortgat, F. and Moskovic, M. and Murayama, H. and Narain, M. and Nason, P. and Navas, S. and Neubert, M. and Nevski, P. and Nir, Y. and Olive, K. A. and Pagan Griso, S. and Parsons, J. and Patrignani, C. and Peacock, J. A. and Pennington, M. and Petcov, S. T. and Petrov, V. A. and Pianori, E. and Piepke, A. and Pomarol, A. and Quadt, A. and Rademacker, J. and Raffelt, G. and Ratcliff, B. N. and Richardson, P. and Ringwald, A. and Roesler, S. and Rolli, S. and Romaniouk, A. and Rosenberg, L. J. and Rosner, J. L. and Rybka, G. and Ryutin, R. A. and Sachrajda, C. T. and Sakai, Y. and Salam, G. P. and Sarkar, S. and Sauli, F. and Schneider, O. and Scholberg, K. and Schwartz, A. J. and Scott, D. and Sharma, V. and Sharpe, S. R. and Shutt, T. and Silari, M. and Sj\"ostrand, T. and Skands, P. and Skwarnicki, T. and Smith, J. G. and Smoot, G. F. and Spanier, S. and Spieler, H. and Spiering, C. and Stahl, A. and Stone, S. L. and Sumiyoshi, T. and Syphers, M. J. and Terashi, K. and Terning, J. and Thoma, U. and Thorne, R. S. and Tiator, L. and Titov, M. and Tkachenko, N. P. and T\"ornqvist, N. A. and Tovey, D. R. and Valencia, G. and Van de Water, R. and Varelas, N. and Venanzoni, G. and Verde, L. and Vincter, M. G. and Vogel, P. and Vogt, A. and Wakely, S. P. and Walkowiak, W. and Walter, C. W. and Wands, D. and Ward, D. R. and Wascko, M. O. and Weiglein, G. and Weinberg, D. H. and Weinberg, E. J. and White, M. and Wiencke, L. R. and Willocq, S. and Wohl, C. G. and Womersley, J. and Woody, C. L. and Workman, R. L. and Yao, W.-M. and Zeller, G. P. and Zenin, O. V. and Zhu, R.-Y. and Zhu, S.-L. and Zimmermann, F. and Zyla, P. A. and Anderson, J. and Fuller, L. and Lugovsky, V. S. and Schaffner, P.},
  collaboration = {Particle Data Group},
  journal = {Physical Review D},
  volume = {98},
  issue = {3},
  pages = {030001},
  numpages = {1898},
  year = {2018},
  publisher = {American Physical Society},
  doi = {10.1103/PhysRevD.98.030001},
  url = {https://link.aps.org/doi/10.1103/PhysRevD.98.030001}
}

@article{lattice,
  title = {Confinement of quarks},
  author = {Wilson, Kenneth G.},
  journal = {Physical Review D},
  volume = {10},
  issue = {8},
  pages = {2445--2459},
  numpages = {0},
  year = {1974}
}

@article{qgpphase,
title = {Properties of hot and dense matter from relativistic heavy ion collisions},
journal = {Physics Reports},
volume = {621},
pages = {76--126},
year = {2016},
author = {Peter Braun-Munzinger and Volker Koch and Thomas Schäfer and Johanna Stachel}
}

@article{csp,
  title = {Color superconductivity in dense quark matter},
  author = {Alford, Mark G. and Schmitt, Andreas and Rajagopal, Krishna and Sch\"afer, Thomas},
  journal = {Reviews of Modern Physics},
  volume = {80},
  issue = {4},
  pages = {1455--1515},
  numpages = {0},
  year = {2008}
}

@article{glauber,
      author         = "Miller, Michael L. and Reygers, Klaus and Sanders,
                        Stephen J. and Steinberg, Peter",
      title          = "{Glauber modeling in high energy nuclear collisions}",
      journal        = "Ann. Rev. Nucl. Part. Sci.",
      volume         = "57",
      year           = "2007",
      pages          = "205-243"
}

@article{relhydro,
author = {Gale, Charles and Jeon, Sangyong and Schenke, Björn},
title = {Hydrodynamic Modelling og Heavy-Hion Collisions},
journal = {International Journal of Modern Physics A},
volume = {28},
number = {11},
pages = {1340011},
year = {2013}
}

@article{deuprod,
  title = {Mechanisms for deuteron production in relativistic nuclear collisions},
  author = {Kapusta, Joseph I.},
  journal = {Physical Review C},
  volume = {21},
  issue = {4},
  pages = {1301--1310},
  numpages = {0},
  year = {1980},
  publisher = {American Physical Society}
}

@article{pbmstat,
      author         = "Braun-Munzinger, Peter and Redlich, Krzysztof and
                        Stachel, Johanna",
      title          = "{Particle production in heavy ion collisions}",
      year           = "2003",
      pages          = "491-599"
}

@article{yields,
      author         = "Andronic, A. and Braun-Munzinger, P. and Stachel, J. and
                        Stocker, H.",
      title          = "{Production of light nuclei, hypernuclei and their
                        antiparticles in relativistic nuclear collisions}",
      journal        = "Physical Letters",
      volume         = "B697",
      year           = "2011",
      pages          = "203-207"
}

@unpublished{lhc,
      author        = "Christiane Lefèvre",
      title         = {The CERN accelerator complex. Complexe des
                       accélérateurs du CERN},
      year          = "2008",
      reportNumber  = "CERN-DI-0812015",
      url           = "https://cds.cern.ch/record/1260465",
}

@article{atlashiggs,
      author         = "ATLAS and Aad, Georges and others",
      title          = {Observation of a new particle in the search for the
                        Standard Model Higgs boson with the ATLAS detector at the
                        LHC},
      collaboration  = "ATLAS",
      journal        = "Physics Letters",
      volume         = "B716",
      year           = "2012",
      pages          = "1-29"
}

@article{cmshiggs,
      author         = "CMS and Chatrchyan, Serguei and others",
      title          = "{Observation of a new boson at a mass of 125 GeV with the
                        CMS experiment at the LHC}",
      collaboration  = "CMS",
      journal        = "Physics Letters",
      volume         = "B716",
      year           = "2012",
      pages          = "30-61"
}

@article{lhcbpenta,
  title = {Observation of $J/\ensuremath{\psi}p$ Resonances Consistent with Pentaquark States in ${\mathrm{\ensuremath{\Lambda}}}_{b}^{0}\ensuremath{\rightarrow}J/\ensuremath{\psi}{K}^{\ensuremath{-}}p$ Decays},
  author = {LHCb and Aaij, R. and others},
  collaboration = {LHCb Collaboration},
  journal = {Physical Review Letters},
  volume = {115},
  issue = {7},
  pages = {072001},
  numpages = {15},
  year = {2015}
}

@article{lhcperf,
      author         = "Evans, Lyndon and Bryant, Philip",
      title          = "{LHC Machine}",
      journal        = "JINST",
      volume         = "3",
      year           = "2008",
      pages          = "S08001"
}

@article{alicedesign1,
  author={ALICE and F Carminati and P Foka and P Giubellino and A Morsch and G Paic and J-P Revol and K Safarík and Y Schutz and U A Wiedemann},
  title={ALICE: Physics Performance Report, Volume I},
  journal={Journal of Physics G: Nuclear and Particle Physics},
  volume={30},
  number={11},
  pages={1517},
  year={2004}
}

@article{alicedesign2,
      author         = "ALICE and Fabjan, Christian Wolfgang and others",
      editor         = "ALICE Collaboration and Alessandro, B and Antinori, F and Belikov, J A and Blume,
                        C and Dainese, A and Foka, P and Giubellino, P and
                        Hippolyte, B and Kuhn, C and Martínez, G and others ",
      title          = "{ALICE: Physics performance report, volume II}",
      collaboration  = "ALICE",
      journal        = "Journal of Physics G: Nuclear and Particle Physics",
      volume         = "G32",
      year           = "2006",
      pages          = "1295-2040"
}

@article{alicemulti,
      author         = "ALICE and Aamodt, K. and others",
      title          = "{The ALICE experiment at the CERN LHC}",
      collaboration  = "ALICE",
      journal        = "JINST",
      volume         = "3",
      year           = "2008",
      pages          = "S08002"
}

@article{alice:Perf2014,
      author = {ALICE and Abelev, B. and others},
      title = {Performance of the ALICE experiment at the CERN LHC},
      journal = {International Journal of Modern Physics A},
      volume = {29},
      number = {24},
      pages = {1430044},
      year = {2014}
}

@article{lep,
      author = {Adeva B. and others},
      title = {The construction of the L3 experiment},
      journal = {Nuclear Instruments and Methods in Physics Research A},
      volume = {289},
      number = {24},
      pages = {35-102},
      year = {1990}
}

@article{alice_tpc,
      author         = "Alme, J. and others",
      title          = "{The ALICE TPC, a large 3-dimensional tracking device
                        with fast readout for ultra-high multiplicity events}",
      journal        = "Nuclear Instruments and Methods in Physics Research ",
      volume         = "A622",
      year           = "2010",
      pages          = "316-367"
}

@unpublished{alice_photo,
      author        = "Saba, A",
      title         = "{The ALICE detector. Le détecteur ALICE}",
      month         = "Feb",
      year          = "2012",
      reportNumber  = "ALICE-PHO-GEN-2012-001",
      url           = "https://cds.cern.ch/record/1436153",
      note          = "General Photo"
}

@book{alice_trigger,
      author        = "Fabjan, Christian Wolfgang and Jirdén, L and Lindestruth,
                       V and Riccati, Lodovico and Rorich, D and Van de Vyvre,
                       Pierre and Villalobos Baillie, O and de Groot, Hans",
      title         = "{ALICE trigger data-acquisition high-level trigger and
                       control system: Technical Design Report}",
      publisher     = "CERN",
      collaboration = "ALICE Collaboration",
      address       = "Geneva",
      series        = "Technical Design Report ALICE",
      year          = "2004",
      url           = "https://cds.cern.ch/record/684651",
}

@article{kalman,
      title = "Application of Kalman filtering to track and vertex fitting",
      journal = "Nuclear Instruments and Methods in Physics Research A",
      volume = "262",
      number = "2",
      pages = "444 - 450",
      year = "1987",
      issn = "0168-9002",
      author = "R. Frühwirth"
}

@ONLINE{alien,
      title = {AliEn},
      url = {http://alien.web.cern.ch/}
}

@ONLINE{wasaref,
      title = {WASA-at-Cosy Collaboration},
      url = {http://collaborations.fz-juelich.de/ikp/wasa/}
}

@ONLINE{root,
      title = {ROOT},
      year = {1995},
      url = {https://root.cern.ch/}
}

@book{aleph,
      title = "Particle Detection with Drift Chambers",
      year = "2008",
      PUBLISHER = "Springer-Verlag Berlin Heidelberg",
      issn = "1611-1052",
      doi = "10.1007/978-3-540-76684-1",
      author = "Blum, Walter and Riegler, Werner and Rolandi, Luigi"
}

@article{epos_lhc,
      author         = "Pierog, T. and Karpenko, Iu. and Katzy, J. M. and
                        Yatsenko, E. and Werner, K.",
      title          = "{EPOS LHC: Test of collective hadronization with data
                        measured at the CERN Large Hadron Collider}",
      journal        = "Physical Review",
      volume         = "C92",
      year           = "2015",
      number         = "3",
      pages          = "034906"
}

@article{blastwave,
  title = {Thermal phenomenology of hadrons from 200A GeV S+S collisions},
  author = {Schnedermann, Ekkard and Sollfrank, Josef and Heinz, Ulrich},
  journal = {Physical Review C},
  volume = {48},
  issue = {5},
  pages = {2462--2475},
  numpages = {0},
  year = {1993}
}

@article{coalefirst,
  title = {Deuterons from High-Energy Proton Bombardment of Matter},
  author = {Butler, S. T. and Pearson, C. A.},
  journal = {Physical Review Letters},
  volume = {7},
  issue = {2},
  pages = {69--71},
  numpages = {0},
  year = {1961}
}

@inproceedings{thermalmodel,
      author         = "Becattini, F.",
      title          = "{An Introduction to the Statistical Hadronization Model}",
      booktitle      = "{International School on Quark-Gluon Plasma and Heavy Ion
                        Collisions: past, present, future Villa Gualino, Torino,
                        Italy, December 8-14, 2008}",
      year           = "2009",
      eprint         = "0901.3643",
      archivePrefix  = "arXiv",
      primaryClass   = "hep-ph",
      SLACcitation   = "%%CITATION = ARXIV:0901.3643;%%"
}

@article{pkp_prod,
      author         = "Adam, Jaroslav and others",
      title          = "{Multiplicity dependence of charged pion, kaon, and
                        (anti)proton production at large transverse momentum in
                        p-Pb collisions at $\mathbf{\sqrt{{\textit s}_{\mathrm{NN}}}}$
                        = 5.02 TeV}",
      collaboration  = "ALICE",
      journal        = "Phys. Lett.",
      volume         = "B760",
      year           = "2016",
      pages          = "720-735"
}

@article{neutralp,
      author         = "Acharya, Shreyasi and others",
      title          = "{Neutral pion and $\eta$ meson production in p-Pb
                        collisions at $\sqrt{s_\mathrm{NN}} = 5.02$ TeV}",
      collaboration  = "ALICE",
      journal        = "Eur. Phys. J.",
      volume         = "C78",
      year           = "2018",
      number         = "8",
      pages          = "624"
}

@article{k0s_prod,
      author         = "Adam, Jaroslav and others",
      title          = "{Production of K$^{*}$ (892)$^{0}$ and $\phi $ (1020) in
                        p–Pb collisions at $\sqrt{s_{{\text {NN}}}}$ = 5.02
                        TeV}",
      collaboration  = "ALICE",
      journal        = "Eur. Phys. J.",
      volume         = "C76",
      year           = "2016",
      number         = "5",
      pages          = "245"
}

@article{cosm1,
      author         = "Ostriker, J. P. and Steinhardt, Paul J.",
      title          = "{Cosmic concordance}",
      year           = "1995"
}

@article{cosm2,
      author         = "Ade, P. A. R. and others",
      title          = "{Planck 2015 results. XIII. Cosmological parameters}",
      collaboration  = "Planck",
      journal        = "Astronomy & Astrophysics",
      volume         = "594",
      year           = "2016",
      pages          = "A13"
}

@article{cosm3,
  title = {Review of Particle Physics},
  author = {Tanabashi, M. and Hagiwara, K. and Hikasa, K. and Nakamura, K. and Sumino, Y. and Takahashi, F. and Tanaka, J. and Agashe, K. and Aielli, G. and Amsler, C. and Antonelli, M. and Asner, D. M. and Baer, H. and Banerjee, Sw. and Barnett, R. M. and Basaglia, T. and Bauer, C. W. and Beatty, J. J. and Belousov, V. I. and Beringer, J. and Bethke, S. and Bettini, A. and Bichsel, H. and Biebel, O. and Black, K. M. and Blucher, E. and Buchmuller, O. and Burkert, V. and Bychkov, M. A. and Cahn, R. N. and Carena, M. and Ceccucci, A. and Cerri, A. and Chakraborty, D. and Chen, M.-C. and Chivukula, R. S. and Cowan, G. and Dahl, O. and D'Ambrosio, G. and Damour, T. and de Florian, D. and de Gouv\^ea, A. and DeGrand, T. and de Jong, P. and Dissertori, G. and Dobrescu, B. A. and D'Onofrio, M. and Doser, M. and Drees, M. and Dreiner, H. K. and Dwyer, D. A. and Eerola, P. and Eidelman, S. and Ellis, J. and Erler, J. and Ezhela, V. V. and Fetscher, W. and Fields, B. D. and Firestone, R. and Foster, B. and Freitas, A. and Gallagher, H. and Garren, L. and Gerber, H.-J. and Gerbier, G. and Gershon, T. and Gershtein, Y. and Gherghetta, T. and Godizov, A. A. and Goodman, M. and Grab, C. and Gritsan, A. V. and Grojean, C. and Groom, D. E. and Gr\"unewald, M. and Gurtu, A. and Gutsche, T. and Haber, H. E. and Hanhart, C. and Hashimoto, S. and Hayato, Y. and Hayes, K. G. and Hebecker, A. and Heinemeyer, S. and Heltsley, B. and Hern\'andez-Rey, J. J. and Hisano, J. and H\"ocker, A. and Holder, J. and Holtkamp, A. and Hyodo, T. and Irwin, K. D. and Johnson, K. F. and Kado, M. and Karliner, M. and Katz, U. F. and Klein, S. R. and Klempt, E. and Kowalewski, R. V. and Krauss, F. and Kreps, M. and Krusche, B. and Kuyanov, Yu. V. and Kwon, Y. and Lahav, O. and Laiho, J. and Lesgourgues, J. and Liddle, A. and Ligeti, Z. and Lin, C.-J. and Lippmann, C. and Liss, T. M. and Littenberg, L. and Lugovsky, K. S. and Lugovsky, S. B. and Lusiani, A. and Makida, Y. and Maltoni, F. and Mannel, T. and Manohar, A. V. and Marciano, W. J. and Martin, A. D. and Masoni, A. and Matthews, J. and Mei\ss{}ner, U.-G. and Milstead, D. and Mitchell, R. E. and M\"onig, K. and Molaro, P. and Moortgat, F. and Moskovic, M. and Murayama, H. and Narain, M. and Nason, P. and Navas, S. and Neubert, M. and Nevski, P. and Nir, Y. and Olive, K. A. and Pagan Griso, S. and Parsons, J. and Patrignani, C. and Peacock, J. A. and Pennington, M. and Petcov, S. T. and Petrov, V. A. and Pianori, E. and Piepke, A. and Pomarol, A. and Quadt, A. and Rademacker, J. and Raffelt, G. and Ratcliff, B. N. and Richardson, P. and Ringwald, A. and Roesler, S. and Rolli, S. and Romaniouk, A. and Rosenberg, L. J. and Rosner, J. L. and Rybka, G. and Ryutin, R. A. and Sachrajda, C. T. and Sakai, Y. and Salam, G. P. and Sarkar, S. and Sauli, F. and Schneider, O. and Scholberg, K. and Schwartz, A. J. and Scott, D. and Sharma, V. and Sharpe, S. R. and Shutt, T. and Silari, M. and Sj\"ostrand, T. and Skands, P. and Skwarnicki, T. and Smith, J. G. and Smoot, G. F. and Spanier, S. and Spieler, H. and Spiering, C. and Stahl, A. and Stone, S. L. and Sumiyoshi, T. and Syphers, M. J. and Terashi, K. and Terning, J. and Thoma, U. and Thorne, R. S. and Tiator, L. and Titov, M. and Tkachenko, N. P. and T\"ornqvist, N. A. and Tovey, D. R. and Valencia, G. and Van de Water, R. and Varelas, N. and Venanzoni, G. and Verde, L. and Vincter, M. G. and Vogel, P. and Vogt, A. and Wakely, S. P. and Walkowiak, W. and Walter, C. W. and Wands, D. and Ward, D. R. and Wascko, M. O. and Weiglein, G. and Weinberg, D. H. and Weinberg, E. J. and White, M. and Wiencke, L. R. and Willocq, S. and Wohl, C. G. and Womersley, J. and Woody, C. L. and Workman, R. L. and Yao, W.-M. and Zeller, G. P. and Zenin, O. V. and Zhu, R.-Y. and Zhu, S.-L. and Zimmermann, F. and Zyla, P. A. and Anderson, J. and Fuller, L. and Lugovsky, V. S. and Schaffner, P.},
  collaboration = {Particle Data Group},
  journal = {Physical Review D},
  volume = {98},
  issue = {3},
  pages = {030001},
  numpages = {1898},
  year = {2018}
}

@article{cosm4,
      author         = "Aghanim, N. and others",
      title          = "{Planck 2018 results. VI. Cosmological parameters}",
      collaboration  = "Planck",
      year           = "2018"
}

@book{peskin,
      author         = "Peskin, Michael E. and Schroeder, Daniel V.",
      title          = "{An Introduction to quantum field theory}",
      publisher      = "Addison-Wesley",
      address        = "Reading, USA",
      year           = "1995",
      url            = "http://www.slac.stanford.edu/~mpeskin/QFT.html",
      ISBN           = "9780201503975, 0201503972",
      SLACcitation   = "%%CITATION = INSPIRE-407703;%%"
}

@article{screening,
  author={J C Ward},
  title={On the Renormalization of Quantum Electrodynamics},
  journal={Proceedings of the Physical Society. Section A},
  volume={64},
  number={1},
  pages={54},
  year={1951}
}

@article{firstQGP,
  title = "Hadron production from a boiling quark soup: A thermodynamical quark model predicting particle ratios in hadronic collisions",
  journal = "Nuclear Physics B",
  volume = "128",
  number = "2",
  pages = "275 - 293",
  year = "1977",
  author = "Henrik Bohr and H.B. Nielsen"
}

@unpublished{deuteron_in_progress,
  author={Collaboration ALICE},
  title={Paper in progress.}
}

@article{alice_tof,
title = "The MRPC-based ALICE time-of-flight detector: Status andperformance",
journal = "Nuclear Instruments and Methods in Physics Research Section A: Accelerators, Spectrometers, Detectors and Associated Equipment",
volume = "706",
pages = "29 - 32",
year = "2013",
author = "A. Alici"
}

@article{alice_t0,
      author         = "Bondila, M. and others",
      title          = "{ALICE T0 detector}",
      journal        = "IEEE Trans. Nucl. Sci.",
      volume         = "52",
      year           = "2005",
      pages          = "1705-1711"
}

@article{alice_v0,
      author         = "Collaboration ALICE",
      title          = "{Performance of the ALICE VZERO system}",
      journal        = "Journal of instrumentation.",
      volume         = "8",
      year           = "2013"
}

@book{geant3,
      author        = "Brun, R and Hagelberg, R and Hansroul, M and Lassalle, J
                       C",
      title         = "{Simulation program for particle physics experiments,
                       GEANT: user guide and reference manual}",
      publisher     = "CERN",
      address       = "Geneva",
      year          = "1978",
      url           = "https://cds.cern.ch/record/118715",
}

@article{geant4,
      author         = "Agostinelli, S. and others",
      title          = "{GEANT4: A Simulation toolkit}",
      collaboration  = "GEANT4",
      journal        = "Nucl. Instrum. Meth.",
      volume         = "A506",
      year           = "2003",
      pages          = "250-303"
}

@article{fluka1,
      author         = "Ferrari, Alfredo and Sala, Paola R. and Fasso, Alberto
                        and Ranft, Johannes",
      title          = "{FLUKA: A multi-particle transport code (Program version
                        2005)}",
      year           = "2005",
      reportNumber   = "CERN-2005-010, SLAC-R-773, INFN-TC-05-11",
      SLACcitation   = "%%CITATION = CERN-2005-010;%%"
}

@article{fluka2,
title = "The FLUKA Code: Developments and Challenges for High Energy and Medical Applications",
journal = "Nuclear Data Sheets",
volume = "120",
pages = "211 - 214",
year = "2014",
issn = "0090-3752",
doi = "https://doi.org/10.1016/j.nds.2014.07.049",
url = "http://www.sciencedirect.com/science/article/pii/S0090375214005018",
author = "T.T. Böhlen and F. Cerutti and M.P.W. Chin and A. Fassò and A. Ferrari and P.G. Ortega and A. Mairani and P.R. Sala and G. Smirnov and V. Vlachoudis"
}

@article{deu_disc,
  title = {A Hydrogen Isotope of Mass 2},
  author = {Urey, Harold C. and Brickwedde, F. G. and Murphy, G. M.},
  journal = {Physical Review},
  volume = {39},
  issue = {1},
  pages = {164--165},
  numpages = {0},
  year = {1932}
}

@article{wasa1,
  title = {Abashian-Booth-Crowe Effect in Basic Double-Pionic Fusion: A New Resonance?},
  author = {Adlarson, P. and Adolph, C. and Augustyniak, W. and Baru, V. and Bashkanov, M. and Bednarski, T. and Bergmann, F. S. and Ber\l{}owski, M. and Bhatt, H. and Brinkmann, K.-T. and B\"uscher, M. and Cal\'en, H. and Clement, H. and Coderre, D. and Czerwi\ifmmode \acute{n}\else \'{n}\fi{}ski, E. and Doroshkevich, E. and Ekstr\"om, C. and Engels, R. and Erven, W. and Eyrich, W. and Fedorets, P. and F\"ohl, K. and Fransson, K. and Goldenbaum, F. and Goslawski, P. and Grigoryev, K. and Grishina, V. and Gullstr\"om, C.-O. and Hampe, J. and Hanhart, C. and Heijkenskj\"old, L. and Hejny, V. and Hinterberger, F. and Hodana, M. and H\"oistad, B. and Jacewicz, M. and Janusz, M. and Jany, A. and Jany, B. R. and Jarczyk, L. and Johansson, T. and Kamys, B. and Kemmerling, G. and Khakimova, O. and Khoukaz, A. and Kistryn, S. and Klaja, J. and Kleines, H. and K\l{}os, B. and Kren, F. and Krzemie\ifmmode \acute{n}\else \'{n}\fi{}, W. and Kulessa, P. and Kullander, S. and Kup\ifmmode \acute{s}\else \'{s}\fi{}\ifmmode \acute{c}\else \'{c}\fi{}, A. and Lalwani, K. and Lorentz, B. and Magiera, A. and Maier, R. and Marciniewski, P. and Maria\ifmmode \acute{n}\else \'{n}\fi{}ski, B. and Mikirtychiants, M. and Moskal, P. and Morsch, H.-P. and Nandi, B. K. and Nied\ifmmode \acute{z}\else \'{z}\fi{}wiecki, S. and Ohm, H. and Passfeld, A. and Pauly, C. and Perez del Rio, E. and Petukhov, Y. and Piskunov, N. and Pluci\ifmmode \acute{n}\else \'{n}\fi{}ski, P. and Podkopa\l{}, P. and Povtoreyko, A. and Prasuhn, D. and Pricking, A. and Pysz, K. and Rausmann, T. and Redmer, C. F. and Ritman, J. and Roy, A. and Ruber, R. J. M. Y. and Rudy, Z. and Sawant, S. and Schadmand, S. and Schmidt, A. and Schroeder, W. and Sefzick, T. and Serdyuk, V. and Shah, N. and Siemaszko, M. and Siudak, R. and Skorodko, T. and Skurzok, M. and Smyrski, J. and Sopov, V. and Stassen, R. and Stepaniak, J. and Sterzenbach, G. and Stockhorst, H. and Str\"oher, H. and Szczurek, A. and T\"aschner, A. and Tolba, T. and Trzci\ifmmode \acute{n}\else \'{n}\fi{}ski, A. and Varma, R. and Vlasov, P. and Wagner, G. J. and W\ifmmode \mbox{\k{e}}\else \k{e}\fi{}glorz, W. and Winnem\"oller, A. and Wirzba, A. and Wolke, M. and Wro\ifmmode \acute{n}\else \'{n}\fi{}ska, A. and W\"ustner, P. and Wurm, P. and Yuan, X. and Yurev, L. and Zabierowski, J. and Zheng, C. and Zieli\ifmmode \acute{n}\else \'{n}\fi{}ski, M. J. and Zipper, W. and Z\l{}oma\ifmmode \acute{n}\else \'{n}\fi{}czuk, J. and \ifmmode \dot{Z}\else \.{Z}\fi{}upra\ifmmode \acute{n}\else \'{n}\fi{}ski, P.},
  collaboration = {WASA-at-COSY Collaboration},
  journal = {Physical Review Letters},
  volume = {106},
  issue = {24},
  pages = {242302},
  numpages = {4},
  year = {2011}
}

@article{wasa2,
  author={Adlarson, P. and Augustyniak, W. and Bardan, W. and Bashkanov, M. and Bednarski, T. and Bergmann, F.S. and Berłowski, M. and Bhatt, H. and Buscher, M. and Calen, H. and Clement, H. and Coderre, D. and Czerwiński, E. and Demmich, K. and Doroshkevich, E. and Engels, R. and Erven, W. and Eyrich, W. and Fedorets, P. and Fohl, K. and Fransson, K. and Goldenbaum, F. and Goslawski, P. and Goswami, A. and Grigoryev, K. and Gullstrom, C.-O. and Hauenstein, F. and Heijkenskjold, L. and Hejny, V. and Hinterberger, F. and Hodana, M. and Hoistad, B. and Jany, A. and Jany, B.R. and Jarczyk, L. and Johansson, T. and Kamys, B. and Kemmerling, G. and Khan, F.A. and Khoukaz, A. and Kistryn, S. and Klaja, J. and Kleines, H. and Kłos, B. and Krapp, M. and Krzemień, W. and Kulessa, P. and Kupść, A. and Lalwani, K. and Lersch, D. and Li, L. and Lorentz, B. and Magiera, A. and Maier, R. and Marciniewski, P. and Mariański, B. and Mikirtychiants, M. and Morsch, H.-P. and Moskal, P. and Nandi, B.K. and Niedźwiecki, S. and Ohm, H. and Ozerianska, I. and Perez Del Rio, E. and Pluciń Ski, P. and Podkopał, P. and Prasuhn, D. and Pricking, A. and Pszczel, D. and Pysz, K. and Pyszniak, A. and Redmer, C.F. and Ritman, J. and Roy, A. and Rudy, Z. and Sawant, S. and Schadmand, S. and Schmidt, A. and Sefzick, T. and Serdyuk, V. and Shah, N. and Siemaszko, M. and Siudak, R. and Skorodko, T. and Skurzok, M. and Smyrski, J. and Sopov, V. and Stassen, R. and Stepaniak, J. and Stephan, E. and Sterzenbach, G. and Stockhorst, H. and Stroher, H. and Szczurek, A. and Tolba, T. and Trzciński, A. and Varma, R. and Vlasov, P. and Wagner, G.J. and Wȩglorz, W. and Wolke, M. and Wrońska, A. and Wustner, P. and Wurm, P. and Yamamoto, A. and Yuan, X. and Yurev, L. and Zabierowski, J. and Zheng, C. and Zieliński, M.J. and Zipper, W. and Złomań Czuk, J. and Zuprański, P. and Zurek, M.},
  title={Isospin decomposition of the basic double-pionic fusion in the region of the ABC effect},
  journal={Physics Letters, Section B: Nuclear, Elementary Particle and High-Energy Physics},
  year={2013},
  volume={721},
  number={4-5},
  pages={229-236}
}

@article{wasa3,
  title = {Measurement of the $pn\ensuremath{\rightarrow}pp{\ensuremath{\pi}}^{0}{\ensuremath{\pi}}^{\ensuremath{-}}$ reaction in search for the recently observed resonance structure in $d{\ensuremath{\pi}}^{0}{\ensuremath{\pi}}^{0}$ and $d{\ensuremath{\pi}}^{+}{\ensuremath{\pi}}^{\ensuremath{-}}$ systems},
  author = {Adlarson, P. and Augustyniak, W. and Bardan, W. and Bashkanov, M. and Bergmann, F. S. and Ber\l{}owski, M. and Bhatt, H. and B\"uscher, M. and Cal\'en, H. and Ciepa\l{}, I. and Clement, H. and Coderre, D. and Czerwi\ifmmode \acute{n}\else \'{n}\fi{}ski, E. and Demmich, K. and Doroshkevich, E. and Engels, R. and Erven, W. and Eyrich, W. and Fedorets, P. and F\"ohl, K. and Fransson, K. and Goldenbaum, F. and Goslawski, P. and Goswami, A. and Grigoryev, K. and Gullstr\"om, C.-O. and Hauenstein, F. and Heijkenskj\"old, L. and Hejny, V. and Hinterberger, F. and Hodana, M. and H\"oistad, B. and Jany, A. and Jany, B. R. and Jarczyk, L. and Johansson, T. and Kamys, B. and Kemmerling, G. and Khan, F. A. and Khoukaz, A. and Kirillov, D. A. and Kistryn, S. and Klaja, J. and Kleines, H. and K\l{}os, B. and Krapp, M. and Krzemie\ifmmode \acute{n}\else \'{n}\fi{}, W. and Kulessa, P. and Kup\ifmmode \acute{s}\else \'{s}\fi{}\ifmmode \acute{c}\else \'{c}\fi{}, A. and Lalwani, K. and Lersch, D. and Li, L. and Lorentz, B. and Magiera, A. and Maier, R. and Marciniewski, P. and Maria\ifmmode \acute{n}\else \'{n}\fi{}ski, B. and Mikirtychiants, M. and Morsch, H.-P. and Moskal, P. and Nandi, B. K. and Ohm, H. and Ozerianska, I. and Perez del Rio, E. and Piskunov, N. M. and Pluci\ifmmode \acute{n}\else \'{n}\fi{}ski, P. and Podkopa\l{}, P. and Prasuhn, D. and Pricking, A. and Pszczel, D. and Pysz, K. and Pyszniak, A. and Redmer, C. F. and Ritman, J. and Roy, A. and Rudy, Z. and Sawant, S. and Schmidt, A. and Schadmand, S. and Sefzick, T. and Serdyuk, V. and Shah, N. and Siemaszko, M. and Siudak, R. and Skorodko, T. and Skurzok, M. and Smyrski, J. and Sopov, V. and Stassen, R. and Stepaniak, J. and Stephan, E. and Sterzenbach, G. and Stockhorst, H. and Str\"oher, H. and Szczurek, A. and Tolba, T. and Trzci\ifmmode \acute{n}\else \'{n}\fi{}ski, A. and Varma, R. and Wagner, G. J. and W\ifmmode \mbox{\k{e}}\else \k{e}\fi{}glorz, W. and Wolke, M. and Wro\ifmmode \acute{n}\else \'{n}\fi{}ska, A. and W\"ustner, P. and Wurm, P. and Yamamoto, A. and Yuan, X. and Zabierowski, J. and Zheng, C. and Zieli\ifmmode \acute{n}\else \'{n}\fi{}ski, M. J. and Zipper, W. and Z\l{}oma\ifmmode \acute{n}\else \'{n}\fi{}czuk, J. and \ifmmode \dot{Z}\else \.{Z}\fi{}upra\ifmmode \acute{n}\else \'{n}\fi{}ski, P. and \ifmmode \dot{Z}\else \.{Z}\fi{}urek, M.},
  collaboration = {WASA-at-COSY Collaboration},
  journal = {Physical Review C},
  volume = {88},
  issue = {5},
  pages = {055208},
  numpages = {8},
  year = {2013}
}


@article{wasa4,
      author         = "Adlarson, P. and others",
      title          = "{Measurement of the $np \to np\pi^0\pi^0$ Reaction in
                        Search for the Recently Observed $d^*(2380)$ Resonance}",
      collaboration  = "WASA-at-COSY",
      journal        = "Physical Letters",
      volume         = "B743",
      year           = "2015",
      pages          = "325-332"
}

@article{wasa5,
  title = {Evidence for a New Resonance from Polarized Neutron-Proton Scattering},
  author = {Adlarson, P. and Augustyniak, W. and Bardan, W. and Bashkanov, M. and Bergmann, F. S. and Ber\l{}owski, M. and Bhatt, H. and B\"uscher, M. and Cal\'en, H. and Ciepa\l{}, I. and Clement, H. and Coderre, D. and Czerwi\ifmmode \acute{n}\else \'{n}\fi{}ski, E. and Demmich, K. and Doroshkevich, E. and Engels, R. and Erven, A. and Erven, W. and Eyrich, W. and Fedorets, P. and F\"ohl, K. and Fransson, K. and Goldenbaum, F. and Goslawski, P. and Goswami, A. and Grigoryev, K. and Gullstr\"om, C.-O. and Hauenstein, F. and Heijkenskj\"old, L. and Hejny, V. and Hodana, M. and H\"oistad, B. and H\"usken, N. and Jany, A. and Jany, B. R. and Jarczyk, L. and Johansson, T. and Kamys, B. and Kemmerling, G. and Khan, F. A. and Khoukaz, A. and Kirillov, D. A. and Kistryn, S. and Kleines, H. and K\l{}os, B. and Krapp, M. and Krzemie\ifmmode \acute{n}\else \'{n}\fi{}, W. and Kulessa, P. and Kup\ifmmode \acute{s}\else \'{s}\fi{}\ifmmode \acute{c}\else \'{c}\fi{}, A. and Lalwani, K. and Lersch, D. and Lorentz, B. and Magiera, A. and Maier, R. and Marciniewski, P. and Maria\ifmmode \acute{n}\else \'{n}\fi{}ski, B. and Mikirtychiants, M. and Morsch, H.-P. and Moskal, P. and Ohm, H. and Ozerianska, I. and Perez del Rio, E. and Piskunov, N. M. and Podkopa\l{}, P. and Prasuhn, D. and Pricking, A. and Pszczel, D. and Pysz, K. and Pyszniak, A. and Redmer, C. F. and Ritman, J. and Roy, A. and Rudy, Z. and Sawant, S. and Schadmand, S. and Sefzick, T. and Serdyuk, V. and Serdyuk, V. and Siudak, R. and Skorodko, T. and Skurzok, M. and Smyrski, J. and Sopov, V. and Stassen, R. and Stepaniak, J. and Stephan, E. and Sterzenbach, G. and Stockhorst, H. and Str\"oher, H. and Szczurek, A. and T\"aschner, A. and Trzci\ifmmode \acute{n}\else \'{n}\fi{}ski, A. and Varma, R. and Wagner, G. J. and Wolke, M. and Wro\ifmmode \acute{n}\else \'{n}\fi{}ska, A. and W\"ustner, P. and Wurm, P. and Yamamoto, A. and Yurev, L. and Zabierowski, J. and Zieli\ifmmode \acute{n}\else \'{n}\fi{}ski, M. J. and Zink, A. and Z\l{}oma\ifmmode \acute{n}\else \'{n}\fi{}czuk, J. and \ifmmode \dot{Z}\else \.{Z}\fi{}upra\ifmmode \acute{n}\else \'{n}\fi{}ski, P. and \ifmmode \dot{Z}\else \.{Z}\fi{}urek, M. and Workman, R. L. and Briscoe, W. J. and Strakovsky, I. I.},
  collaboration = {WASA-at-COSY Collaboration and SAID Data Analysis Center},
  journal = {Physical Review Letters},
  volume = {112},
  issue = {20},
  pages = {202301},
  numpages = {6},
  year = {2014}
}

@article{wasa6,
  title = {Neutron-proton scattering in the context of the ${d}^{*}$(2380) resonance},
  author = {Adlarson, P. and Augustyniak, W. and Bardan, W. and Bashkanov, M. and Bergmann, F. S. and Ber\l{}owski, M. and Bhatt, H. and B\"uscher, M. and Cal\'en, H. and Ciepa\l{}, I. and Clement, H. and Coderre, D. and Czerwi\ifmmode \acute{n}\else \'{n}\fi{}ski, E. and Demmich, K. and Doroshkevich, E. and Engels, R. and Erven, A. and Erven, W. and Eyrich, W. and Fedorets, P. and F\"ohl, K. and Fransson, K. and Goldenbaum, F. and Goslawski, P. and Goswami, A. and Grigoryev, K. and Gullstr\"om, C.-O. and Hauenstein, F. and Heijkenskj\"old, L. and Hejny, V. and Hodana, M. and H\"oistad, B. and H\"usken, N. and Jany, A. and Jany, B. R. and Jarczyk, L. and Johansson, T. and Kamys, B. and Kemmerling, G. and Khan, F. A. and Khoukaz, A. and Kirillov, D. A. and Kistryn, S. and Kleines, H. and K\l{}os, B. and Krapp, M. and Krzemie\ifmmode \acute{n}\else \'{n}\fi{}, W. and Kulessa, P. and Kup\ifmmode \acute{s}\else \'{s}\fi{}\ifmmode \acute{c}\else \'{c}\fi{}, A. and Lalwani, K. and Lersch, D. and Lorentz, B. and Magiera, A. and Maier, R. and Marciniewski, P. and Maria\ifmmode \acute{n}\else \'{n}\fi{}ski, B. and Mikirtychiants, M. and Morsch, H.-P. and Moskal, P. and Ohm, H. and Ozerianska, I. and Perez del Rio, E. and Piskunov, N. M. and Podkopa\l{}, P. and Prasuhn, D. and Pricking, A. and Pszczel, D. and Pysz, K. and Pyszniak, A. and Redmer, C. F. and Ritman, J. and Roy, A. and Rudy, Z. and Sawant, S. and Schadmand, S. and Sefzick, T. and Serdyuk, V. and Serdyuk, V. and Siudak, R. and Skorodko, T. and Skurzok, M. and Smyrski, J. and Sopov, V. and Stassen, R. and Stepaniak, J. and Stephan, E. and Sterzenbach, G. and Stockhorst, H. and Str\"oher, H. and Szczurek, A. and T\"aschner, A. and Trzci\ifmmode \acute{n}\else \'{n}\fi{}ski, A. and Varma, R. and Wagner, G. J. and Wolke, M. and Wro\ifmmode \acute{n}\else \'{n}\fi{}ska, A. and W\"ustner, P. and Wurm, P. and Yamamoto, A. and Yurev, L. and Zabierowski, J. and Zieli\ifmmode \acute{n}\else \'{n}\fi{}ski, M. J. and Zink, A. and Z\l{}oma\ifmmode \acute{n}\else \'{n}\fi{}czuk, J. and \ifmmode \dot{Z}\else \.{Z}\fi{}upra\ifmmode \acute{n}\else \'{n}\fi{}ski, P. and \ifmmode \dot{Z}\else \.{Z}\fi{}urek, M. and Workman, R. L. and Briscoe, W. J. and Strakovsky, I. I.},
  collaboration = {WASA-at-COSY Collaboration and SAID Data Analysis Center},
  journal = {Physical Review C},
  volume = {90},
  issue = {3},
  pages = {035204},
  numpages = {11},
  year = {2014}
}

@article{dysonxuong,
  title = {$Y=2$ States in Su(6) Theory},
  author = {Dyson, Freeman J. and Xuong, Nguyen-Huu},
  journal = {Physical Review Letters},
  volume = {13},
  issue = {26},
  pages = {815--817},
  numpages = {0},
  year = {1964}
}

@article{haddin,
  title = {Three Body Calculation of the $\ensuremath{\Delta}\ensuremath{\Delta}$ Dibaryon Candidate ${\mathsc{D}}_{03}\mathbf{(}2370\mathbf{)}$},
  author = {Gal, A. and Garcilazo, H.},
  journal = {Physical Review Letters},
  volume = {111},
  issue = {17},
  pages = {172301},
  numpages = {5},
  year = {2013}
}

@article{haddin1,
      author         = "Gal, Avraham and Garcilazo, Humberto",
      title          = "{Three-body model calculations of $N \Delta$ and $\Delta
                        \Delta$ dibaryon resonances}",
      booktitle      = "{Proceedings, 45 Years of Nuclear Theory at Stony Brook: 
                        A Tribute to Gerald E. Brown: Stony Brook, NY, USA,
                        November 24-26, 2013}",
      journal        = "Nuclear Physics",
      volume         = "A928",
      year           = "2014",
      pages          = "73-88",
      SLACcitation   = "%%CITATION = ARXIV:1402.3171;%%"
}

@article{dsqm1,
  title = {Dynamical calculation of the $\ensuremath{\Delta}\ensuremath{\Delta}$ dibaryon candidates},
  author = {Huang, Hongxia and Ping, Jialun and Wang, Fan},
  journal = {Physical Review C},
  volume = {89},
  issue = {3},
  pages = {034001},
  numpages = {6},
  year = {2014}
}

@article{dsqm2,
  title = {$\ensuremath{\Delta}\ensuremath{\Delta}$ dibaryon structure in chiral SU(3) quark model},
  author = {Yuan, X. Q. and Zhang, Z. Y. and Yu, Y. W. and Shen, P. N.},
  journal = {Physical Review C},
  volume = {60},
  issue = {4},
  pages = {045203},
  numpages = {5},
  year = {1999}
}

@article{dsinevitable1,
  title = {"Inevitable" nonstrange dibaryon},
  author = {Goldman, T. and Maltman, K. and Stephenson, G. J. and Schmidt, K. E. and Wang, Fan},
  journal = {Physical Review C},
  volume = {39},
  issue = {5},
  pages = {1889--1895},
  numpages = {0},
  year = {1989},
  month = {May},
  publisher = {American Physical Society},
  doi = {10.1103/PhysRevC.39.1889},
  url = {https://link.aps.org/doi/10.1103/PhysRevC.39.1889}
}

@article{dsinevitable2,
  title = {Strangeness -3 dibaryons},
  author = {Goldman, T. and Maltman, K. and Stephenson, G. J. and Schmidt, K. E. and Wang, Fan},
  journal = {Physical Review Letters},
  volume = {59},
  issue = {6},
  pages = {627--629},
  numpages = {0},
  year = {1987},
  month = {Aug},
  publisher = {American Physical Society},
  doi = {10.1103/PhysRevLett.59.627},
  url = {https://link.aps.org/doi/10.1103/PhysRevLett.59.627}
}


@article{dibpred1,
  title = {Negative-Parity $\mathrm{NN}$ Resonances and Extraneous States},
  author = {Mulders, P. J. G. and Aerts, A. Th. M. and de Swart, J. J.},
  journal = {Physical Review Letters},
  volume = {40},
  issue = {24},
  pages = {1543--1546},
  numpages = {0},
  year = {1978},
  month = {Jun},
  publisher = {American Physical Society},
  doi = {10.1103/PhysRevLett.40.1543},
  url = {https://link.aps.org/doi/10.1103/PhysRevLett.40.1543}
}

@article{dibpred2,
  title = {Multibaryon states in the bag model},
  author = {Aerts, A. Th. M. and Mulders, P. J. G. and de Swart, J. J.},
  journal = {Physical Review D},
  volume = {17},
  issue = {1},
  pages = {260--274},
  numpages = {0},
  year = {1978},
  month = {Jan},
  publisher = {American Physical Society},
  doi = {10.1103/PhysRevD.17.260},
  url = {https://link.aps.org/doi/10.1103/PhysRevD.17.260}
}

@article{dibpred3,
  title = {Multiquark states. III. ${Q}^{6}$ dibaryon resonances},
  author = {Mulders, P. J. and Aerts, A. T. and de Swart, J. J.},
  journal = {Physical Review D},
  volume = {21},
  issue = {9},
  pages = {2653--2671},
  numpages = {0},
  year = {1980},
  month = {May},
  publisher = {American Physical Society},
  doi = {10.1103/PhysRevD.21.2653},
  url = {https://link.aps.org/doi/10.1103/PhysRevD.21.2653}
}

@article{dibpred4,
  title = {Quarks and baryon-baryon scattering. A $P$-matrix analysis of nucleon-nucleon scattering},
  author = {Mulders, P. J.},
  journal = {Physical Review D},
  volume = {26},
  issue = {11},
  pages = {3039--3056},
  numpages = {0},
  year = {1982},
  month = {Dec},
  publisher = {American Physical Society},
  doi = {10.1103/PhysRevD.26.3039},
  url = {https://link.aps.org/doi/10.1103/PhysRevD.26.3039}
}

@article{dibpred5,
  author={P J Mulders and A W Thomas},
  title={Pionic corrections and multi-quark bags},
  journal={Journal of Physics G: Nuclear Physics},
  volume={9},
  number={10},
  pages={1159},
  url={http://stacks.iop.org/0305-4616/9/i=10/a=005},
  year={1983}

}

@article{dibpred6,
author = {Saito, Koichi},
title = {Masses of the Multiquark States in the MIT Bag Model with the Pion-Cloud},
journal = {Progress of Theoretical Physics},
volume = {72},
number = {3},
pages = {674-677},
year = {1984},
doi = {10.1143/PTP.72.674},
URL = {http://dx.doi.org/10.1143/PTP.72.674}
}

@article{dibpred7,
title = "Hyperon-nucleon interaction and the 2.13 GeV strange dibaryonic system in the P-matrix approach",
journal = "Nuclear Physics A",
volume = "480",
number = "3",
pages = "585 - 596",
year = "1988",
issn = "0375-9474",
doi = "https://doi.org/10.1016/0375-9474(88)90465-4",
url = "http://www.sciencedirect.com/science/article/pii/0375947488904654",
author = "B.O. Kerbikov and B.L.G. Bakker and R. Daling"
}

@article{dibpred8,
  title = {On the production of the six-quark $H$ dibaryon in the (${K}^{\ensuremath{-}}, {K}^{+}$) reaction},
  author = {Aerts, A. T. M. and Dover, C. B.},
  journal = {Physical Review D},
  volume = {28},
  issue = {3},
  pages = {450--463},
  numpages = {0},
  year = {1983},
  month = {Aug},
  publisher = {American Physical Society},
  doi = {10.1103/PhysRevD.28.450},
  url = {https://link.aps.org/doi/10.1103/PhysRevD.28.450}
}

@article{dibpred9,
  title = {Six-quark resonance structures in nucleon-nucleon scattering},
  author = {LaFrance, Paul and Lomon, Earle L.},
  journal = {Physical Review D},
  volume = {34},
  issue = {5},
  pages = {1341--1350},
  numpages = {0},
  year = {1986},
  month = {Sep},
  publisher = {American Physical Society},
  doi = {10.1103/PhysRevD.34.1341},
  url = {https://link.aps.org/doi/10.1103/PhysRevD.34.1341}
}

@article{dibpred10,
  author={I. Yu Kobzarev and B. V. Martem'yanov and M. G. Shchepkin},
  title={Orbitally excited hadrons},
  journal={Soviet Physics Uspekhi},
  volume={35},
  number={4},
  pages={257},
  url={http://stacks.iop.org/0038-5670/35/i=4/a=R01},
  year={1992}
}

@article{dibpred11,
title = "Nuclear force in a quark model",
journal = "Physics Letters B",
volume = "90",
number = "1",
pages = "41 - 44",
year = "1980",
issn = "0370-2693",
doi = "https://doi.org/10.1016/0370-2693(80)90046-5",
url = "http://www.sciencedirect.com/science/article/pii/0370269380900465",
author = "M. Oka and K. Yazaki"
}

@article{dibpred12,
      author         = "Maltman, Kim",
      title          = "{On the Possibility of Deeply Bound Dibaryon Resonances}",
      journal        = "Nuclear Physics",
      volume         = "A438",
      year           = "1985",
      pages          = "669-684",
      doi            = "10.1016/0375-9474(85)90011-9",
      reportNumber   = "LBL-17652",
      SLACcitation   = "%%CITATION = NUPHA,A438,669;%%"
}

@article{dibpred13,
      author         = "Maltman, Kim",
      title          = "{SU(3)$_{f}$ Breaking in the 10f and 8f Dibaryon
                        Multiplets}",
      journal        = "Nuclear Physics",
      volume         = "A501",
      year           = "1989",
      pages          = "843-855",
      doi            = "10.1016/0375-9474(89)90164-4",
      SLACcitation   = "%%CITATION = NUPHA,A501,843;%%"
}

@article{dibpred14,
  title = {Possible Existence of a Deeply Bound $\ensuremath{\Delta}\ensuremath{-}\ensuremath{\Delta}$ System},
  author = {Kamae, T. and Fujita, T.},
  journal = {Physical Review Letters},
  volume = {38},
  issue = {9},
  pages = {471--475},
  numpages = {0},
  year = {1977},
  month = {Feb},
  publisher = {American Physical Society},
  doi = {10.1103/PhysRevLett.38.471},
  url = {https://link.aps.org/doi/10.1103/PhysRevLett.38.471}
}

@article{dibpred15,
  title = {Possible existence of a ${\ensuremath{\pi}}^{\ensuremath{-}}\mathrm{nn}$ bound state},
  author = {Garcilazo, Humberto},
  journal = {Physical Review C},
  volume = {26},
  issue = {6},
  pages = {2685--2687},
  numpages = {0},
  year = {1982},
  month = {Dec},
  publisher = {American Physical Society},
  doi = {10.1103/PhysRevC.26.2685},
  url = {https://link.aps.org/doi/10.1103/PhysRevC.26.2685}
}

@article{dibpred16,
  author={G Kalbermann and J M Eisenberg},
  title={Theoretical search for a $\pi-nn$ stable bound state},
  journal={Journal of Physics G: Nuclear Physics},
  volume={5},
  number={1},
  pages={35},
  url={http://stacks.iop.org/0305-4616/5/i=1/a=005},
  year={1979}
}

@article{dibpred17,
  author={Shu-Qin Xie},
  title={Possible SU(3) multiplets of the dibaryons},
  journal={Journal of Physics G: Nuclear and Particle Physics},
  volume={15},
  number={3},
  pages={287},
  url={http://stacks.iop.org/0954-3899/15/i=3/a=006},
  year={1989}
}

@article{reanalysis,
      author         = "Epple, E. and Fabbietti, L.",
      title          = "{Reanalysis of $p$+$p$ reaction data: Probable absence of
                        a $pp$K$^{-}$ state}",
      journal        = "Physical Review",
      volume         = "C 92",
      year           = "2015",
      number         = "4",
      pages          = "044002",
      doi            = "10.1103/PhysRevC.92.044002"
}

@article{colormag,
      author         = "Gal, Avraham",
      title          = "{Meson assisted dibaryons}",
      booktitle      = "{Proceedings, Jagiellonian Symposium on Fundamental and
                        Applied Subatomic Physics: Krakow, Poland, June 7-13,
                        2015}",
      journal        = "Acta Physica Polonica",
      volume         = "B 47",
      year           = "2016",
      pages          = "471"
}

@article{oka,
  title = {Flavor-octet dibaryons in the quark model},
  author = {Oka, Makoto},
  journal = {Physical Review D},
  volume = {38},
  issue = {1},
  pages = {298--303},
  numpages = {0},
  year = {1988},
  month = {Jul},
  publisher = {American Physical Society},
  doi = {10.1103/PhysRevD.38.298},
  url = {https://link.aps.org/doi/10.1103/PhysRevD.38.298}
}

@article{Hlattice1,
  title = {Evidence for a Bound $H$ Dibaryon from Lattice QCD},
  author = {Beane, S. R. and Chang, E. and Detmold, W. and Joo, B. and Lin, H. W. and Luu, T. C. and Orginos, K. and Savage, M. J. and Torok, A. and Walker-Loud, A.},
  collaboration = {NPLQCD Collaboration},
  journal = {Physical Review Letters},
  volume = {106},
  issue = {16},
  pages = {162001},
  numpages = {4},
  year = {2011},
  month = {Apr},
  publisher = {American Physical Society},
  doi = {10.1103/PhysRevLett.106.162001},
  url = {https://link.aps.org/doi/10.1103/PhysRevLett.106.162001}
}

@article{Hlattice2,
  title = {Bound $H$ Dibaryon in Flavor SU(3) Limit of Lattice QCD},
  author = {Inoue, Takashi and Ishii, Noriyoshi and Aoki, Sinya and Doi, Takumi and Hatsuda, Tetsuo and Ikeda, Yoichi and Murano, Keiko and Nemura, Hidekatsu and Sasaki, Kenji},
  collaboration = {HAL QCD Collaboration},
  journal = {Physical Review Letters},
  volume = {106},
  issue = {16},
  pages = {162002},
  numpages = {4},
  year = {2011},
  month = {Apr},
  publisher = {American Physical Society},
  doi = {10.1103/PhysRevLett.106.162002},
  url = {https://link.aps.org/doi/10.1103/PhysRevLett.106.162002}
}

@article{Hlattice3,
  title = {Light nuclei and hypernuclei from quantum chromodynamics in the limit of SU(3) flavor symmetry},
  author = {Beane, S. R. and Chang, E. and Cohen, S. D. and Detmold, W. and Lin, H. W. and Luu, T. C. and Orginos, A. and Savage, M. J. and Walker-Loud, A.},
  collaboration = {NPLQCD Collaboration},
  journal = {Physical Review D},
  volume = {87},
  issue = {3},
  pages = {034506},
  numpages = {20},
  year = {2013},
  month = {Feb},
  publisher = {American Physical Society},
  doi = {10.1103/PhysRevD.87.034506},
  url = {https://link.aps.org/doi/10.1103/PhysRevD.87.034506}
}

@article{widthpred1,
  title = {Quark models of dibaryon resonances in nucleon-nucleon scattering},
  author = {Ping, J. L. and Huang, H. X. and Pang, H. R. and Wang, Fan and Wong, C. W.},
  journal = {Physical Review C},
  volume = {79},
  issue = {2},
  pages = {024001},
  numpages = {12},
  year = {2009},
  month = {Feb},
  publisher = {American Physical Society},
  doi = {10.1103/PhysRevC.79.024001},
  url = {https://link.aps.org/doi/10.1103/PhysRevC.79.024001}
}

@article{widthpred2,
  title = {Theoretical study of the $\dst\ensuremath{\rightarrow}d\ensuremath{\pi}\ensuremath{\pi}$ decay width},
  author = {Dong, Yubing and Shen, Pengnian and Huang, Fei and Zhang, Zongye},
  journal = {Physical Review C},
  volume = {91},
  issue = {6},
  pages = {064002},
  numpages = {6},
  year = {2015},
  month = {Jun},
  publisher = {American Physical Society},
  doi = {10.1103/PhysRevC.91.064002},
  url = {https://link.aps.org/doi/10.1103/PhysRevC.91.064002}
}

@article{widthpred3,
  title = {Decay width of $\dst\ensuremath{\rightarrow}NN\ensuremath{\pi}\ensuremath{\pi}$ processes},
  author = {Dong, Yubing and Huang, Fei and Shen, Pengnian and Zhang, Zongye},
  journal = {Physical Review C},
  volume = {94},
  issue = {1},
  pages = {014003},
  numpages = {5},
  year = {2016},
  month = {Jul},
  publisher = {American Physical Society},
  doi = {10.1103/PhysRevC.94.014003},
  url = {https://link.aps.org/doi/10.1103/PhysRevC.94.014003}
}

@article{abc,
  title = {Possible Anomaly in Meson Production in $p+d$ Collisions},
  author = {Abashian, Alexander and Booth, Norman E. and Crowe, Kenneth M.},
  journal = {Physical Review Letters},
  volume = {5},
  issue = {6},
  pages = {258--260},
  numpages = {0},
  year = {1960},
  month = {Sep},
  publisher = {American Physical Society},
  doi = {10.1103/PhysRevLett.5.258},
  url = {https://link.aps.org/doi/10.1103/PhysRevLett.5.258}
}

@phdThesis{hades,
   author  = {Alvarez-Ruso, Luis},
   title   = {Excitation of baryonic resonances induced by nucleons and leptons}, 
   school  = {Univesidad de Valencia},
   type    = {PhD Thesis},
   year    = {1999}
}

@Inbook{dasy,
   author="Bystricky, J. and Lehar, F.",
   editor="Schopper, H.",
   title="1.1.2.4 Total cross sections for nn scattering",
   bookTitle="Nucleon Nucleon and Kaon Nucleon Scattering",
   year="1980",
   publisher="Springer Berlin Heidelberg",
   address="Berlin, Heidelberg",
   pages="83--84",
   isbn="978-3-540-35240-2",
   doi="10.1007/10201145_18",
   url="https://doi.org/10.1007/10201145_18"
}

@article{dubna,
title = "Analysis of the production mechanism of narrow enhancements in the effective mass spectrum (\pip\pim) in the reaction $pn \rightarrow d \pip \pim$ at a neutron incident momentum of Pn = 1.73 GeV/\textit{c}",
journal = "Nuclear Physics B",
volume = "168",
number = "3",
pages = "385 - 393",
year = "1980",
issn = "0550-3213",
doi = "https://doi.org/10.1016/0550-3213(80)90133-9",
url = "http://www.sciencedirect.com/science/article/pii/0550321380901339",
author = "A. Abdivaliev and C. Besliu and F. Cotorobai and A.P. Gasparian and S. Gruia and A.P. Ierusalimov and D.K. Kopylova and V.I. Moroz and A.V. Nikitin and Yu.A. Troyan"
}

@article{gatchina ,
  title = {Inelastic Reactions in Proton-Deuteron Scattering at 1.825 and 2.11 GeV/c},
  author = {BRUNT, D. C. and CLAYTON, M. J. and WESTWOOD, B. A.},
  journal = {Physics Review},
  volume = {187},
  issue = {5},
  pages = {1856--1867},
  numpages = {0},
  year = {1969},
  month = {Nov},
  publisher = {American Physical Society},
  doi = {10.1103/PhysRev.187.1856},
}

@article{brpred1,
  title = {Combined analysis of the $pn\ensuremath{\rightarrow}d{\ensuremath{\pi}}^{+}{\ensuremath{\pi}}^{\ensuremath{-}}$ and $pn\ensuremath{\rightarrow}pn{\ensuremath{\pi}}^{+}{\ensuremath{\pi}}^{\ensuremath{-}}$ cross sections and implications for the interpretation of the $pn\ensuremath{\rightarrow}d{\ensuremath{\pi}}^{+}{\ensuremath{\pi}}^{\ensuremath{-}}$ data},
  author = {Albaladejo, M. and Oset, E.},
  journal = {Physical Review C},
  volume = {88},
  issue = {1},
  pages = {014006},
  numpages = {6},
  year = {2013},
  month = {Jul},
  publisher = {American Physical Society},
  doi = {10.1103/PhysRevC.88.014006},
  url = {https://link.aps.org/doi/10.1103/PhysRevC.88.014006}
}

@article{brpred2,
title = "Study of the quasi-free $np\rightarrow np\pip\pim$ reaction with a deuterium beam at 1.25 GeV/nucleon",
journal = "Physics Letters B",
volume = "750",
pages = "184 - 193",
year = "2015",
issn = "0370-2693",
doi = "https://doi.org/10.1016/j.physletb.2015.09.016",
url = "http://www.sciencedirect.com/science/article/pii/S0370269315006917",
author = "G. Agakishiev and A. Balanda and D. Belver and A.V. Belyaev and A. Blanco and M. Böhmer and J.L. Boyard and P. Braun-Munzinger and P. Cabanelas and E. Castro and S. Chernenko and T. Christ and M. Destefanis and J. Díaz and F. Dohrmann and A. Dybczak and L. Fabbietti and O.V. Fateev and P. Finocchiaro and P. Fonte and J. Friese and I. Fröhlich and T. Galatyuk and J.A. Garzón and R. Gernhäuser and A. Gil and C. Gilardi and K. Göbel and M. Golubeva and D. González-Díaz and F. Guber and M. Gumberidze and T. Hennino and R. Holzmann and A. Ierusalimov and I. Iori and A. Ivashkin and M. Jurkovic and B. Kämpfer and T. Karavicheva and D. Kirschner and I. Koenig and W. Koenig and B.W. Kolb and R. Kotte and F. Krizek and R. Krücken and W. Kühn and A. Kugler and A. Kurepin and A. Kurilkin and P. Kurilkin and V. Ladygin and S. Lang and J.S. Lange and K. Lapidus and T. Liu and L. Lopes and M. Lorenz and L. Maier and A. Mangiarotti and J. Markert and V. Metag and B. Michalska and J. Michel and E. Morinière and J. Mousa and C. Müntz and L. Naumann and J. Otwinowski and Y.C. Pachmayer and M. Palka and Y. Parpottas and V. Pechenov and O. Pechenova and J. Pietraszko and W. Przygoda and B. Ramstein and A. Reshetin and A. Rustamov and A. Sadovsky and P. Salabura and A. Schmah and E. Schwab and Yu.G. Sobolev and S. Spataro and B. Spruck and H. Ströbele and J. Stroth and C. Sturm and A. Tarantola and K. Teilab and P. Tlusty and M. Traxler and R. Trebacz and H. Tsertos and V. Wagner and T. Vasiliev and M. Weber and M. Wisniowski and T. Wojcik and J. Wüstenfeld and S. Yurevich and Y. Zanevsky and P. Zhou",
keywords = "Two-pion production,  collisions, Resonance excitations"
}

@Article{brcalc,
author="Bashkanov, M.
and Clement, H.
and Skorodko, T.",
title="Branching ratios for the decay of \dst",
journal="The European Physical Journal A",
year="2015",
month="Jul",
day="20",
volume="51",
number="7",
pages="87",
issn="1434-601X",
doi="10.1140/epja/i2015-15087-x",
url="https://doi.org/10.1140/epja/i2015-15087-x"
}

@article{picci,
  title = {Is the $X(3872)$ Production Cross Section at $\sqrt{s}\mathbf{=}1.96\text{ }\text{ }\mathrm{TeV}$ Compatible with a Hadron Molecule Interpretation?},
  author = {Bignamini, C. and Grinstein, B. and Piccinini, F. and Polosa, A. D. and Sabelli, C.},
  journal = {Phys. Rev. Lett.},
  volume = {103},
  issue = {16},
  pages = {162001},
  numpages = {4},
  year = {2009},
  month = {Oct},
  publisher = {American Physical Society},
  doi = {10.1103/PhysRevLett.103.162001},
  url = {https://link.aps.org/doi/10.1103/PhysRevLett.103.162001}
}

@article{size1,
      author         = "Huang, Fei and Shen, Peng Nian and Dong, Yu Bing and
                        Zhang, Zong Ye",
      title          = "{Understanding the structure of $d^*(2380)$ in chiral
                        quark model}",
      journal        = "Sci. China Phys. Mech. Astron.",
      volume         = "59",
      year           = "2016",
      number         = "2",
      pages          = "622002",
      doi            = "10.1007/s11433-015-5767-3",
      eprint         = "1505.05395",
      archivePrefix  = "arXiv",
      primaryClass   = "nucl-th",
      SLACcitation   = "%%CITATION = ARXIV:1505.05395;%%"
}

@inbook{size2,
   author = { F. Huang and  P. N. Shen and  Y. B. Dong and  Z. Y. Zhang},
   title = {\dst in a Chiral Quark Model},
   booktitle = {Proceedings of the 10th International Workshop on the Physics of Excited Nucleons (NSTAR2015)},
   chapter = {},
   pages = {},
   doi = {10.7566/JPSCP.10.022002},
   URL = {https://journals.jps.jp/doi/abs/10.7566/JPSCP.10.022002},
}

@article{jaffedib,
  title = {Perhaps a Stable Dihyperon},
  author = {Jaffe, R. L.},
  journal = {Physical Review Letters},
  volume = {38},
  issue = {5},
  pages = {195--198},
  numpages = {0},
  year = {1977},
  month = {Jan},
  publisher = {American Physical Society},
  doi = {10.1103/PhysRevLett.38.195},
  url = {https://link.aps.org/doi/10.1103/PhysRevLett.38.195}
}

@article{neganov,
  title = {},
  author = {Neganov, B. S.  and Parfenov, L. B. },
  journal = {Zh. Eksperim. i Teor. Fiz},
  volume = {34},
  pages = {767},
  year = {1958}
}

@ARTICLE{rev1,
  author={Yokosawa, A},
  journal={Phys. Rep.},
  year={1980},
  volume={4},
  number={2},
  pages={47},
  note={cited By 1},
  source={Scopus},
}

@ARTICLE{rev2,
author={Locher, M.P. and Sainio, M.E. and Svarc, A.},
journal={Advances in nuclear physics},
year={1986},
pages={47-142},
note={cited By 1},
source={Scopus},
}

@ARTICLE{rev3,
author={Strakovsky, I.I.},
journal={Sov. J. Nucl. Phys.},
year={1991},
volume={22},
pages={296},
note={cited By 1},
source={Scopus},
}

@inProceedings{rev4,
      author         = "Seth, K. K.",
      title          = "{DIBARYONS IN THEORY AND PRACTICE}",
      year           = "1988",
      SLACcitation   = "%%CITATION = INSPIRE-272189;%%"
}

@ARTICLE{rev5,
author={Komarov, E.N.},
title={Russian Academy of Sciences},
year={1993},
pages={1853},
note={cited By 1},
source={Scopus},
}
